@book{patterson2016computer,
  title={Computer organization and design ARM edition: the hardware software interface},
  author={Patterson, David A and Hennessy, John L},
  year={2016},
  publisher={Morgan kaufmann}
}

@article{sohi1990instruction,
  title={Instruction issue logic for high-performance, interruptible, multiple functional unit, pipelined computers},
  author={Sohi, Gurindar S},
  journal=IEEE_J_C,
  volume={39},
  number={3},
  pages={349--359},
  year={1990},
  publisher={IEEE}
}

@article{lee2011pipelined,
  title={Pipelined {CPU} design with {FPGA} in teaching computer architecture},
  author={Lee, Jong Hyuk and Lee, Seung Eun and Yu, Heon Chang and others},
  journal=IEEE_J_EDU,
  volume={55},
  number={3},
  pages={341--348},
  year={2011},
  publisher={IEEE}
}

@inproceedings{qin2018design,
  title={Design and performance analysis on static and dynamic pipelined CPU in course experiment of computer architecture},
  author={Qin, Guofeng and Hu, Yue and Huang, Linyu and Guo, YuChen},
  booktitle={Proceedings of IEEE International Conference on Computer Science \& Education (ICCSE)},
  pages={1--6},
  year={2018},
  organization={IEEE}
}

@article{goodacre2005parallelism,
  title={Parallelism and the {ARM} instruction set architecture},
  author={Goodacre, John and Sloss, Andrew N},
  journal={Computer},
  volume={38},
  number={7},
  pages={42--50},
  year={2005},
  publisher={IEEE}
}

@article{en3,
  title={{The Mechanism and Effectiveness of Credit Scoring of P2P Lending Platform: Evidence from Renrendai.com}},
  author={Li, Qiang and Chen, Liwen and Zeng, Yong},
  journal={China Finance Review International},
  volume={8},
  number={3},
  pages={256--274},
  year={2018},
  publisher={Emerald Publishing Limited}
}


@article{en2,
   author = {Carlstrom, Charles T and Fuerst, Timothy S},
   title = {{Agency Costs, Net Worth, and Business Fluctuations: A Computable General Equilibrium Analysis}},
   journal = {The American Economic Review},
   pages = {893-910},
   ISSN = {0002-8282},
   year = {1997},
   type = {Journal Article}
}

@article{en1,
   author = {Quadrini, Vincenzo},
   title = {{Financial Frictions in Macroeconomic Fluctuations}},
   journal = {FRB Richmond Economic Quarterly},
   volume = {97},
   number = {3},
   pages = {209-254},
   year = {2011},
   type = {Journal Article}
}

@article{cn1,
   author = {方军雄},
   key = {fang1 jun1 xiong2},
   title = {{所有制、制度环境与信贷资金配置}},
   journal = {经济研究},
   number = {12},
   pages = {82-92},
   ISSN = {0577-9154},
   year = {2007},
   type = {Journal Article}
}

@article{cn2,
   author = {刘凤良 and 章潇萌 and 于泽},
   key = {liu2 feng4 liang2 zhang1 xiao1 meng2 yu2 ze2},
   title = {{高投资、结构失衡与价格指数二元分化}},
   journal = {金融研究},
   number = {02},
   pages = {54-69},
   ISSN = {1002-7246},
   year = {2017},
   type = {Journal Article}
}

@article{cn3,
   author = {吕捷 and 王高望},
   key = {lv3 jie2 wang2 gao1 wang4},
   title = {{CPI 与 PPI “背离”的结构性解释}},
   journal = {经济研究},
   volume = {50},
   number = {04},
   pages = {136-149},
   ISSN = {0577-9154},
   year = {2015},
   type = {Journal Article}
}

